@article{madgraph,
    author = "Johan Alwall  and others",
    title = "{The automated computation of tree-level and next-to-leading order differential cross sections, and their matching to parton shower simulations}",
    eprint = "1405.0301",
    archivePrefix = "arXiv",
    primaryClass = "hep-ph",
    reportNumber = "CERN-PH-TH-2014-064, CP3-14-18, LPN14-066, MCNET-14-09, ZU-TH-14-14",
    doi = "10.1007/JHEP07(2014)079",
    journal = "JHEP",
    volume = "07",
    year = "2014"
}

@article{fxfx,
    author = "Frederix, Rikkert and Frixione, Stefano",
    title = "{Merging meets matching in MC@NLO}",
    eprint = "1209.6215",
    archivePrefix = "arXiv",
    primaryClass = "hep-ph",
    reportNumber = "CERN-PH-TH-2012-247, ZU-TH-21-12",
    doi = "10.1007/JHEP12(2012)061",
    journal = "JHEP",
    volume = "12",
    year = "2012"
}

@article{mlm,
    author = "Johan Alwall and others",
    title = "{Comparative study of various algorithms for the merging of parton showers and matrix elements in hadronic collisions}",
    eprint = "0706.2569",
    archivePrefix = "arXiv",
    primaryClass = "hep-ph",
    reportNumber = "SLAC-PUB-12604, CERN-PH-TH-2007-066, LU-TP-07-13, KA-TP-06-2007, DCPT-07-62, IPPP-07-31",
    doi = "10.1140/epjc/s10052-007-0490-5",
    journal = "Eur. Phys. J. C",
    volume = "53",
    year = "2008"
}

@article{Frixione:2002ik,
    author = "Frixione, Stefano and Webber, Bryan R.",
    title = "{Matching NLO QCD computations and parton shower simulations}",
    eprint = "hep-ph/0204244",
    archivePrefix = "arXiv",
    reportNumber = "CAVENDISH-HEP-02-01, LAPTH-905-02, GEF-TH-2-2002",
    doi = "10.1088/1126-6708/2002/06/029",
    journal = "JHEP",
    volume = "06",
    year = "2002"
}

@article{Nason:2004rx,
    author = "Nason, Paolo",
    title = "{A New method for combining NLO QCD with shower Monte Carlo algorithms}",
    eprint = "hep-ph/0409146",
    archivePrefix = "arXiv",
    reportNumber = "BICOCCA-FT-04-11",
    doi = "10.1088/1126-6708/2004/11/040",
    journal = "JHEP",
    volume = "11",
    year = "2004"
}

@article{Frixione:2007vw,
    author = "Frixione, Stefano and Nason, Paolo and Oleari, Carlo",
    title = "{Matching NLO QCD computations with Parton Shower simulations: the POWHEG method}",
    eprint = "0709.2092",
    archivePrefix = "arXiv",
    primaryClass = "hep-ph",
    reportNumber = "BICOCCA-FT-07-9, GEF-TH-21-2007",
    doi = "10.1088/1126-6708/2007/11/070",
    journal = "JHEP",
    volume = "11",
    year = "2007"
}

@article{Alioli:2008gx,
    author = "Alioli, Simone and Nason, Paolo and Oleari, Carlo and Re, Emanuele",
    title = "{NLO vector-boson production matched with shower in POWHEG}",
    eprint = "0805.4802",
    archivePrefix = "arXiv",
    primaryClass = "hep-ph",
    reportNumber = "NSF-KITP-08-74",
    doi = "10.1088/1126-6708/2008/07/060",
    journal = "JHEP",
    volume = "07",
    year = "2008"
}

@article{Alioli:2010xd,
    author = "Alioli, Simone and Nason, Paolo and Oleari, Carlo and Re, Emanuele",
    title = "{A general framework for implementing NLO calculations in shower Monte Carlo programs: the POWHEG BOX}",
    eprint = "1002.2581",
    archivePrefix = "arXiv",
    primaryClass = "hep-ph",
    reportNumber = "DESY-10-018, SFB-CPP-10-22, IPPP-10-11, DCPT-10-22",
    doi = "10.1007/JHEP06(2010)043",
    journal = "JHEP",
    volume = "06",
    year = "2010"
}

@article{PYTHIA8,
      author         = "Torbjörn Sjöstrand and others",
      title          = "An introduction to {PYTHIA} 8.2",
      journal        = "Comput. Phys. Commun.",
      volume         = "191",
      year           = "2015",
      doi            = "10.1016/j.cpc.2015.01.024",
      eprint         = "1410.3012",
      archivePrefix  = "arXiv",
      primaryClass   = "hep-ph",
      reportNumber   = "LU-TP-14-36, MCNET-14-22, CERN-PH-TH-2014-190,
                        FERMILAB-PUB-14-316-CD, DESY-14-178, SLAC-PUB-16122",
}

@article{Khachatryan:2015pea,
      title          = "{Event generator tunes obtained from underlying event and multiparton scattering measurements}",
      collaboration  = "CMS",
      journal        = "Eur. Phys. J.",
      volume         = "C76",
      year           = "2016",
      number         = "3",
      doi            = "10.1140/epjc/s10052-016-3988-x",
      eprint         = "1512.00815",
      archivePrefix  = "arXiv",
      primaryClass   = "hep-ex",
      reportNumber   = "CMS-GEN-14-001, CERN-PH-EP-2015-291",
}

@article{Sirunyan:2018nqx,
    collaboration = "CMS",
    title = "{Measurement of the inelastic proton-proton cross section at $ \sqrt{s}=13 $ TeV}",
    eprint = "1802.02613",
    archivePrefix = "arXiv",
    primaryClass = "hep-ex",
    reportNumber = "CMS-FSQ-15-005, CERN-EP-2018-004",
    doi = "10.1007/JHEP07(2018)161",
    journal = "JHEP",
    volume = "07",
    year = "2018"
}

@article{Sirunyan:2019dfx,
    collaboration = "CMS",
    title = "{Extraction and validation of a new set of CMS PYTHIA8 tunes from underlying-event measurements}",
    eprint = "1903.12179",
    archivePrefix = "arXiv",
    primaryClass = "hep-ex",
    reportNumber = "CMS-GEN-17-001, CERN-EP-2019-007",
    doi = "10.1140/epjc/s10052-019-7499-4",
    journal = "EPJC",
    volume = "80",
    year = "2020"
}

@article{LesHouches,
  author = "Johan Alwall and others",
   title = "{A standard format for {Les Houches} event files}",
  journal = "Comput. Phys. Commun.",
  volume = "176",
  year = "2007",
  doi = "10.1016/j.cpc.2006.11.010",
  eprint         = "hep-ph/0609017",
  archivePrefix  = "arXiv",
  primaryClass   = "hep-ph",
  reportNumber   = "FERMILAB-PUB-06-337-T, CERN-LCGAPP-2006-03",
}

@article{snowmass_points_slopes,
      author         = "B.C. Allanach and others",
      title          = "The {Snowmass} points and slopes: {Benchmarks} for {SUSY}
                        searches",
      journal        = "EPJC",
      volume         = "25",
      doi            = "10.1007/s10052-002-0949-3",
      year           = "2002",
      eprint         = "hep-ph/0202233",
      archivePrefix  = "arXiv",
      primaryClass   = "hep-ph",
}

@article{cms_pf,
     title          = "Particle-flow reconstruction and global event description with the {CMS} detector",
     collaboration  = {CMS},
     journal     = "JINST",
     volume    = "12",
     year         = "2017",
     doi           = "10.1088/1748-0221/12/10/P10003",
     eprint         = "1706.04965",
     archivePrefix  = "arXiv",
     primaryClass   = "physics.ins-det",
     reportNumber   = "CMS-PRF-14-001, CERN-EP-2017-110",
}

@article{Sirunyan:2018icq,
    author = "Sirunyan, Albert M and others",
    collaboration = "CMS",
    title = "{Precision measurement of the structure of the CMS inner tracking system using nuclear interactions}",
    eprint = "1807.03289",
    archivePrefix = "arXiv",
    primaryClass = "physics.ins-det",
    reportNumber = "CMS-TRK-17-001, CERN-EP-2018-144",
    doi = "10.1088/1748-0221/13/10/P10034",
    journal = "JINST",
    volume = "13",
    number = "10",
    pages = "P10034",
    year = "2018"
}

@techreport{CMS-DP-2019-001,
      title         = "{Precision measurement of the structure of the CMS inner
                       tracking system using nuclear interactions with data
                       collected in 2018}",
      collaboration = "CMS",
      month         = "Feb",
      year          = "2019",
      url           = "http://cds.cern.ch/record/2664786",
      number        = "CMS-DP-2019-001",
}

@article{Evans:2016zau,
    author = "Evans, Jared A. and Shelton, Jessie",
    title = "{Long-lived staus and displaced leptons at the LHC}",
    eprint = "1601.01326",
    archivePrefix = "arXiv",
    primaryClass = "hep-ph",
    doi = "10.1007/JHEP04(2016)056",
    journal = "JHEP",
    volume = "04",
    year = "2016"
}

@techreport{CMS:lumi2016,
    title = "{CMS} luminosity measurements for the 2016 data taking period",
    collaboration = {CMS},
    url = "cds.cern.ch/record/2257069",
    type = "CMS Physics Analysis Summary",
    number = "CMS-PAS-LUM-17-001",
    year = "2017",
}

@techreport{CMS:lumi2017,
    title = "{CMS} luminosity measurements for the 2017 data-taking period at $\sqrt s=13$ {TeV}",
    collaboration = {CMS},
    url = "cds.cern.ch/record/2621960",
    type = "CMS Physics Analysis Summary",
    number = "CMS-PAS-LUM-17-004",
    year = "2018",
}

@techreport{CMS:lumi2018,
title = "{CMS} luminosity measurements for the 2018 data-taking period at $\sqrt s=13$ {TeV}",
collaboration = {CMS},
url = "cds.cern.ch/record/2676164",
type = "CMS Physics Analysis Summary",
number = "CMS-PAS-LUM-18-002",
year = "2018",
}

@ARTICLE{Junk_CLS,
  author = "Thomas Junk",
  title = "Confidence level computation for combining searches with small statistics",
  journal = {Nucl. Instrum. Meth. A},
  year = {1999},
  volume = {434},
  doi = {10.1016/S0168-9002(99)00498-2},
  timestamp = {2015.11.16},
  archivePrefix = "arXiv",
  eprint = "hep-ex/9902006"
}

@inproceedings{Read_CLS,
  author = "Read, A. L.",
  title = "Presentation of search results: the {$CL_s$} technique",
      booktitle      = "Durham IPPP Workshop: Advanced Statistical Techniques in Particle Physics",
     address =            "Durham, UK",
     month        = "Mar",
     note = "[J. Phys. G 28 (2002) 2693]",
      year           = "2002",
      doi            = "10.1088/0954-3899/28/10/313",
  timestamp = {2015.11.16}
}

@article{Cowan:2010js,
      author         = "Cowan, Glen and Cranmer, Kyle and Gross, Eilam and
                        Vitells, Ofer",
      title          = "Asymptotic formulae for likelihood-based tests of new
                        physics",
      journal        = "Eur. Phys. J. C",
      volume         = "71",
      year           = "2011",
      doi            = "10.1140/epjc/s10052-011-1554-0",
      eprint         = "1007.1727",
      archivePrefix  = "arXiv",
      primaryClass   = "physics.data-an",
}

@techreport{CMS-NOTE-2011-005,
      title         = "Procedure for the {LHC} {Higgs} boson search combination in
                       {Summer} 2011",
      author        = "{ATLAS collaboration, CMS collaboration, LHC
                       Higgs Combination Group}",
      number        = "CMS-NOTE-2011-005, ATL-PHYS-PUB-2011-11",
      year          = "2011",
      url           = "cds.cern.ch/record/1379837",
}

@article{lhc_machine,
    editor = "Evans, Lyndon and Bryant, Philip",
    title = "{LHC Machine}",
    doi = "10.1088/1748-0221/3/08/S08001",
    journal = "JINST",
    volume = "3",
    pages = "S08001",
    year = "2008"
}

@article{cms_higgs,
      title          = "Observation of a new boson at a mass of 125 {GeV} with the
                        {CMS} experiment at the {LHC}",
      collaboration  = {CMS},
      journal        = "PLB",
      volume         = "716",
      year           = "2012",
      doi            = "10.1016/j.physletb.2012.08.021",
      eprint         = "1207.7235",
      archivePrefix  = "arXiv",
      primaryClass   = "hep-ex",
      reportNumber   = "CMS-HIG-12-028, CERN-PH-EP-2012-220",
}

@article{atlas_higgs,
      title          = "Observation of a new particle in the search for the
                        standard model {Higgs} boson with the {ATLAS} detector at the
                        {LHC}",
      collaboration  = {ATLAS},
      journal        = "PLB",
      volume         = "716",
      year           = "2012",
      doi            = "10.1016/j.physletb.2012.08.020",
      eprint         = "1207.7214",
      archivePrefix  = "arXiv",
      primaryClass   = "hep-ex",
      reportNumber   = "CERN-PH-EP-2012-218",
}

@article{cms_experiment,
    author = "Chatrchyan, S. and others",
    collaboration = "CMS",
    title = "{The CMS Experiment at the CERN LHC}",
    doi = "10.1088/1748-0221/3/08/S08004",
    journal = "JINST",
    volume = "3",
    pages = "S08004",
    year = "2008"
}

@misc{cms_tdr_v1,
    author = "Bayatian, G. L. and others",
    collaboration = "CMS",
    title = "{CMS physics: Technical design report volume I: Detector performance and software}",
    reportNumber = "CERN-LHCC-2006-001, CMS-TDR-8-1",
    year = "2006"
}

@article{cms_tdr_v2,
    author = "Bayatian, G. L. and others",
    collaboration = "CMS",
    title = "{CMS technical design report, volume II: Physics performance}",
    reportNumber = "CERN-LHCC-2006-021, CMS-TDR-008-2",
    doi = "10.1088/0954-3899/34/6/S01",
    journal = "J. Phys. G",
    volume = "34",
    number = "6",
    pages = "995--1579",
    year = "2007"
}

@article{cms_phase1_pixels,
    author = "{The Tracker Group of the CMS collaboration}",
    title = "{The CMS Phase-1 Pixel Detector Upgrade}",
    eprint = "2012.14304",
    archivePrefix = "arXiv",
    primaryClass = "physics.ins-det",
    doi = "10.1088/1748-0221/16/02/P02027",
    journal = "JINST",
    volume = "16",
    number = "02",
    year = "2021"
}

@article{cms_ms_performance,
    author = "Sirunyan, A. M. and others",
    collaboration = "CMS",
    title = "{Performance of the CMS muon detector and muon reconstruction with proton-proton collisions at $\sqrt{s}=$ 13 TeV}",
    eprint = "1804.04528",
    archivePrefix = "arXiv",
    primaryClass = "physics.ins-det",
    reportNumber = "CMS-MUO-16-001, CERN-EP-2018-058",
    doi = "10.1088/1748-0221/13/06/P06015",
    journal = "JINST",
    volume = "13",
    number = "06",
    pages = "P06015",
    year = "2018"
}

@article{cms_ecal_performance,
      author        = "Cipriani, Marco",
      title         = "{Performance of the CMS electromagnetic calorimeter during the LHC Run II and its role in precision physics measurements}",
      institution   = "CERN",
      collaboration = "CMS",
      address       = "Geneva",
      number        = "CMS-CR-2018-162",
      month         = "Aug",
      year          = "2018",
      reportNumber  = "CMS-CR-2018-162",
      url           = "cds.cern.ch/record/2637093",
      doi           = "10.22323/1.321.0084",
}

@misc{cern_accelerator_complex,
      author        = "Mobs, Esma",
      title         = "{The CERN accelerator complex - 2019}",
      month         = "Jul",
      year          = "2019",
      url           = "https://cds.cern.ch/record/2684277",
      note          = "General Photo",
}

@article{cms_phase1_pixel_tdr,
    editor = "Matzner Dominguez, David Aaron and others",
    collaboration = "CMS",
    title = "{CMS Technical Design Report for the Pixel Detector Upgrade}",
    reportNumber = "CERN-LHCC-2012-016, CMS-TDR-011",
    doi = "10.2172/1151650",
    month = "9",
    year = "2012"
}

@article{cms_l1_upgrade,
    author = "Cadamuro, L.",
    editor = "Govoni, Pietro and Lehmann, Giovanna and Marrocchesi, Pier Simone and Navarria, Francesco-Luigi and Paganoni, Marco and Perrotta, Andrea and Rovelli, Tiziano",
    collaboration = "CMS",
    title = "{The CMS Level-1 trigger system for LHC Run II}",
    doi = "10.1088/1748-0221/12/03/C03021",
    journal = "JINST",
    volume = "12",
    number = "03",
    pages = "C03021",
    year = "2017"
}

@article{gsf,
	doi = {10.1088/0954-3899/31/9/n01},
	url = {https://doi.org/10.1088/0954-3899/31/9/n01},
	year = 2005,
	month = {jul},
	publisher = {{IOP} Publishing},
	volume = {31},
	number = {9},
	pages = {N9--N20},
	author = {W Adam and R Frühwirth and A Strandlie and T Todorov},
	title = {Reconstruction of electrons with the Gaussian-sum filter in the {CMS} tracker at the {LHC}},
	journal = {Journal of Physics G: Nuclear and Particle Physics},
}

@misc{lhc_dipole,
      author        = "{AC Team}",
      title         = "{Diagram of an LHC dipole magnet}",
      month         = "Jun",
      year          = "1999",
      reportNumber  = "CERN-DI-9906025",
      howpublished  = {\url{cds.cern.ch/record/40524}},
}

@misc{linac2,
      title         = "{Linear accelerator 2}",
      month         = "Sep",
      year          = "2012",
      howpublished  = {\url{cds.cern.ch/record/1997427}},
}

@misc{psb,
      title         = "{The Proton Synchrotron Booster}",
      month         = "Jul",
      year          = "2012",
      howpublished  = {\url{cds.cern.ch/record/1997372}},
}

@misc{cern_annual_report_1959,
      title         = "{Proton Synchrotron}",
      year          = "1959",
      howpublished  = {\url{cds.cern.ch/record/1479637}},
}

@misc{sps,
      title         = "{The Super Proton Synchrotron}",
      month         = "Jan",
      year          = "2012",
      howpublished  = {\url{cds.cern.ch/record/1997188}},
}

@misc{lhc_run2_operation,
      author        = "Wenninger, Jorg",
      title         = "{Operation and Configuration of the LHC in Run 2}",
      month         = "Mar",
      year          = "2019",
      url           = "https://cds.cern.ch/record/2668326",
}

@article{goldstone_salam_weinberg,
    author = "Goldstone, Jeffrey and Salam, Abdus and Weinberg, Steven",
    title = "{Broken Symmetries}",
    doi = "10.1103/PhysRev.127.965",
    journal = "Phys. Rev.",
    volume = "127",
    pages = "965--970",
    year = "1962"
}

@article{englert,
    author = "Englert, F. and Brout, R.",
    editor = "Taylor, J. C.",
    title = "{Broken Symmetry and the Mass of Gauge Vector Mesons}",
    doi = "10.1103/PhysRevLett.13.321",
    journal = "Phys. Rev. Lett.",
    volume = "13",
    pages = "321--323",
    year = "1964"
}

@article{higgs,
    author = "Higgs, Peter W.",
    title = "{Broken symmetries, massless particles and gauge fields}",
    doi = "10.1016/0031-9163(64)91136-9",
    journal = "Phys. Lett.",
    volume = "12",
    pages = "132--133",
    year = "1964"
}

@article{kibble,
    author = "Guralnik, G. S. and Hagen, C. R. and Kibble, T. W. B.",
    editor = "Taylor, J. C.",
    title = "{Global Conservation Laws and Massless Particles}",
    doi = "10.1103/PhysRevLett.13.585",
    journal = "Phys. Rev. Lett.",
    volume = "13",
    pages = "585--587",
    year = "1964"
}

@misc{cms_collaboration,
  title = "{CMS collaboration}",
  howpublished = {\url{cms.cern/collaboration}},
  note = {Accessed: 2021-03-28 }
}

@misc{cms_detector_cartoon,
      author        = "Sakuma, Tai",
      title         = "{3D SketchUp images of the CMS detector (120918)}",
      collaboration = "CMS",
      month         = "May",
      year          = "2016",
      url           = "https://cds.cern.ch/record/2628527",
}

@article{llp_whitepaper,
    author = "Alimena, Juliette and others",
    title = "{Searching for long-lived particles beyond the Standard Model at the Large Hadron Collider}",
    eprint = "1903.04497",
    archivePrefix = "arXiv",
    primaryClass = "hep-ex",
    doi = "10.1088/1361-6471/ab4574",
    journal = "J. Phys. G",
    volume = "47",
    number = "9",
    pages = "090501",
    year = "2020"
}

@article{displaced_susy,
    author = "Graham, Peter W. and Kaplan, David E. and Rajendran, Surjeet and Saraswat, Prashant",
    title = "{Displaced Supersymmetry}",
    eprint = "1204.6038",
    archivePrefix = "arXiv",
    primaryClass = "hep-ph",
    doi = "10.1007/JHEP07(2012)149",
    journal = "JHEP",
    volume = "07",
    year = "2012"
}

@article{hall_suzuki_rpv,
    author = "Hall, Lawrence J. and Suzuki, Mahiko",
    title = "{Explicit R-Parity Breaking in Supersymmetric Models}",
    reportNumber = "UCB-PTH-83/8, LBL-16150",
    doi = "10.1016/0550-3213(84)90513-3",
    journal = "Nucl. Phys. B",
    volume = "231",
    pages = "419--444",
    year = "1984"
}

@article{susy_primer,
    author = "Martin, Stephen P.",
    editor = "Kane, Gordon L.",
    title = "{A Supersymmetry primer}",
    eprint = "hep-ph/9709356",
    archivePrefix = "arXiv",
    reportNumber = "FERMILAB-PUB-97-425-T",
    doi = "10.1142/9789812839657_0001",
    journal = "Adv. Ser. Direct. High Energy Phys.",
    volume = "18",
    pages = "1--98",
    year = "1998"
}

@article{pdg_2020,
    author = "Zyla, P. A. and others",
    collaboration = "Particle Data Group",
    title = "{Review of Particle Physics}",
    doi = "10.1093/ptep/ptaa104",
    journal = "PTEP",
    volume = "2020",
    number = "8",
    pages = "083C01",
    year = "2020"
}

@article{hip_study,
      author        = "Adam, W and Beaumont, W and Bergauer, T and Bouhali, O and
                       Clerbaux, B and De Langhe, E and De Lentdecker, G and De
                       Wolf, E and Friedl, M and Frühwirth, R and Hrubec, Josef
                       and Krammer, Manfred and Pernicka, Manfred and Tasevsky, M
                       and Waltenberger, W",
      title         = "{The effect of highly ionising particles on the CMS
                       silicon strip tracker}",
      journal       = "Nucl. Instrum. Methods Phys. Res., A",
      volume        = "543",
      pages         = "463-482",
      year          = "2005",
      url           = "http://cds.cern.ch/record/909141",
      doi           = "10.1016/j.nima.2004.11.049",
}

@article{apv25,
      author        = "French, M J and Jones, L L and Morrissey, Q R and Neviani,
                       A and Turchetta, R and Fulcher, J R and Hall, G and Noah, E
                       and Raymond, M and Cervelli, G and Moreira, P and
                       Marseguerra, G",
      title         = "{Design and results from the APV25, a deep sub-micron CMOS
                       front-end chip for the CMS tracker}",
      journal       = "Nucl. Instrum. Methods Phys. Res., A",
      reportNumber  = "2",
      volume        = "466",
      pages         = "359-65",
      year          = "2001",
      url           = "http://cds.cern.ch/record/516812",
      doi           = "10.1016/S0168-9002(01)00589-7",
}

@article{geant4,
    author = "Agostinelli, S. and others",
    collaboration = "GEANT4",
    title = "{GEANT4--a simulation toolkit}",
    reportNumber = "SLAC-PUB-9350, FERMILAB-PUB-03-339, CERN-IT-2002-003",
    doi = "10.1016/S0168-9002(03)01368-8",
    journal = "Nucl. Instrum. Meth. A",
    volume = "506",
    pages = "250--303",
    year = "2003"
}

@article{gross_wilczek_73,
    author = "Gross, D. J. and Wilczek, Frank",
    title = "{Asymptotically Free Gauge Theories - I}",
    reportNumber = "NAL-PUB-73-49-THY, FERMILAB-PUB-73-049-T",
    doi = "10.1103/PhysRevD.8.3633",
    journal = "Phys. Rev. D",
    volume = "8",
    pages = "3633--3652",
    year = "1973"
}

@article{qcd_73,
    author = "Fritzsch, H. and Gell-Mann, Murray and Leutwyler, H.",
    title = "{Advantages of the Color Octet Gluon Picture}",
    reportNumber = "CALT-68-409",
    doi = "10.1016/0370-2693(73)90625-4",
    journal = "Phys. Lett. B",
    volume = "47",
    pages = "365--368",
    year = "1973"
}

@article{weinberg_leptons,
    author = "Weinberg, Steven",
    title = "{A Model of Leptons}",
    doi = "10.1103/PhysRevLett.19.1264",
    journal = "Phys. Rev. Lett.",
    volume = "19",
    pages = "1264--1266",
    year = "1967"
}

@article{cms_higgs_summary,
    collaboration = "CMS",
    title = "{Combined measurements of Higgs boson couplings in proton\textendash{}proton collisions at $\sqrt{s}=13\,\text {Te}\text {V} $}",
    eprint = "1809.10733",
    archivePrefix = "arXiv",
    primaryClass = "hep-ex",
    reportNumber = "CMS-HIG-17-031, CERN-EP-2018-263",
    doi = "10.1140/epjc/s10052-019-6909-y",
    journal = "Eur. Phys. J. C",
    volume = "79",
    number = "5",
    year = "2019"
}

@article{atlas_higgs_summary,
  title = "{Combined measurements of Higgs boson production and decay using up to $80\text{ }\text{ }{\mathrm{fb}}^{\ensuremath{-}1}$ of proton-proton collision data at $\sqrt{s}=13\text{ }\text{ }\mathrm{TeV}$ collected with the ATLAS experiment}",
  collaboration = {ATLAS},
  journal = {Phys. Rev. D},
  volume = {101},
  issue = {1},
  pages = {012002},
  numpages = {48},
  year = {2020},
  month = {Jan},
  publisher = {American Physical Society},
  doi = {10.1103/PhysRevD.101.012002},
  url = {https://link.aps.org/doi/10.1103/PhysRevD.101.012002}
}

@article{giudice_naturalness_2008,
    author = "Giudice, Gian Francesco",
    editor = "Kane, Gordon and Pierce, Aaron",
    title = "{Naturally Speaking: The Naturalness Criterion and Physics at the LHC}",
    eprint = "0801.2562",
    archivePrefix = "arXiv",
    primaryClass = "hep-ph",
    doi = "10.1142/9789812779762_0010",
    month = "1",
    year = "2008"
}

@article{thooft_naturalness,
    author = "'t Hooft, Gerard",
    editor = "'t Hooft, Gerard and Itzykson, C. and Jaffe, A. and Lehmann, H. and Mitter, P. K. and Singer, I. M. and Stora, R.",
    title = "{Naturalness, chiral symmetry, and spontaneous chiral symmetry breaking}",
    reportNumber = "PRINT-80-0083 (UTRECHT)",
    doi = "10.1007/978-1-4684-7571-5_9",
    journal = "NATO Sci. Ser. B",
    volume = "59",
    pages = "135--157",
    year = "1980"
}

@article{Fukugita_2004,
    author = "Fukugita, Masataka and Peebles, P. James E.",
    title = "{The Cosmic energy inventory}",
    eprint = "astro-ph/0406095",
    archivePrefix = "arXiv",
    doi = "10.1086/425155",
    journal = "Astrophys. J.",
    volume = "616",
    pages = "643--668",
    year = "2004"
}

@article{add,
    author = "Arkani-Hamed, Nima and Dimopoulos, Savas and Dvali, G. R.",
    title = "{The Hierarchy problem and new dimensions at a millimeter}",
    eprint = "hep-ph/9803315",
    archivePrefix = "arXiv",
    reportNumber = "SLAC-PUB-7769, SU-ITP-98-13",
    doi = "10.1016/S0370-2693(98)00466-3",
    journal = "Phys. Lett. B",
    volume = "429",
    pages = "263--272",
    year = "1998"
}

@inproceedings{craig_susy_run1,
    author = "Craig, Nathaniel",
    title = "{The State of Supersymmetry after Run I of the LHC}",
    booktitle = "{Beyond the Standard Model after the first run of the LHC}",
    eprint = "1309.0528",
    archivePrefix = "arXiv",
    primaryClass = "hep-ph",
    month = "Sep",
    year = "2013"
}

@misc{cms_sm_public_results,
  title = "{Summaries of CMS cross section measurements}",
  howpublished = {\url{twiki.cern.ch/twiki/bin/view/CMSPublic/PhysicsResultsCombined}},
  note = {Accessed: 2021-04-04}
}

@misc{cms_susy_public_results,
  title = "{CMS Supersymmetry Physics Results}",
  howpublished = "{\url{twiki.cern.ch/twiki/bin/view/CMSPublic/PhysicsResultsSUS}}",
  note = {Accessed: 2021-04-04}
}

@article{Liu_2015,
    author = "Liu, Zhen and Tweedie, Brock",
    title = "{The Fate of Long-Lived Superparticles with Hadronic Decays after LHC Run 1}",
    eprint = "1503.05923",
    archivePrefix = "arXiv",
    primaryClass = "hep-ph",
    reportNumber = "PITT-PACC-1503, FERMILAB-PUB-15-087-T",
    doi = "10.1007/JHEP06(2015)042",
    journal = "JHEP",
    volume = "06",
    pages = "042",
    year = "2015"
}

@article{split_susy_colliders,
    author = "Kilian, W. and Plehn, T. and Richardson, P. and Schmidt, E.",
    title = "{Split supersymmetry at colliders}",
    eprint = "hep-ph/0408088",
    archivePrefix = "arXiv",
    reportNumber = "DESY-04-136, CERN-PH-TH-2004-144, IPPP-04-46, DCPT-04-92",
    doi = "10.1140/epjc/s2004-02046-5",
    journal = "Eur. Phys. J. C",
    volume = "39",
    pages = "229--243",
    year = "2005"
}

@inproceedings{amsb_at_lhc,
    author = "Paige, Frank E. and Wells, James D.",
    title = "{Anomaly mediated SUSY breaking at the LHC}",
    booktitle = "{1st Les Houches Workshop on Physics at TeV Colliders}",
    eprint = "hep-ph/0001249",
    archivePrefix = "arXiv",
    reportNumber = "BNL-HET-00-1, UCD-2000-5",
    month = "6",
    year = "1999"
}

@article{displaced_leptons_run1,
    author = "Khachatryan, Vardan and others",
    collaboration = "CMS",
    title = "{Search for Displaced Supersymmetry in events with an electron and a muon with large impact parameters}",
    eprint = "1409.4789",
    archivePrefix = "arXiv",
    primaryClass = "hep-ex",
    reportNumber = "CMS-B2G-12-024, CERN-PH-EP-2014-219",
    doi = "10.1103/PhysRevLett.114.061801",
    journal = "Phys. Rev. Lett.",
    volume = "114",
    number = "6",
    pages = "061801",
    year = "2015"
}

@techreport{displaced_leptons_bing,
    collaboration = "CMS",
    title = "{Search for displaced leptons in the e-mu channel}",
    number = "CMS-PAS-EXO-16-022",
    year = "2016"
}

@article{delayed_photons,
    author = "Sirunyan, Albert M and others",
    collaboration = "CMS",
    title = "{Search for long-lived particles using delayed photons in proton-proton collisions at $\sqrt{s}=$ 13 TeV}",
    eprint = "1909.06166",
    archivePrefix = "arXiv",
    primaryClass = "hep-ex",
    reportNumber = "CMS-EXO-19-005, CERN-EP-2019-185",
    doi = "10.1103/PhysRevD.100.112003",
    journal = "Phys. Rev. D",
    volume = "100",
    number = "11",
    pages = "112003",
    year = "2019"
}

@article{disappearing_tracks,
    author = "Sirunyan, Albert M and others",
    collaboration = "CMS",
    title = "{Search for disappearing tracks in proton-proton collisions at $\sqrt{s} =$ 13 TeV}",
    eprint = "2004.05153",
    archivePrefix = "arXiv",
    primaryClass = "hep-ex",
    reportNumber = "CMS-EXO-19-010, CERN-EP-2020-043",
    doi = "10.1016/j.physletb.2020.135502",
    journal = "Phys. Lett. B",
    volume = "806",
    pages = "135502",
    year = "2020"
}

@article{delayed_jets,
    author = "Sirunyan, Albert M and others",
    collaboration = "CMS",
    title = "{Search for long-lived particles using nonprompt jets and missing transverse momentum with proton-proton collisions at $\sqrt{s} =$ 13 TeV}",
    eprint = "1906.06441",
    archivePrefix = "arXiv",
    primaryClass = "hep-ex",
    reportNumber = "CMS-EXO-19-001, CERN-EP-2019-113",
    doi = "10.1016/j.physletb.2019.134876",
    journal = "Phys. Lett. B",
    volume = "797",
    pages = "134876",
    year = "2019"
}

@inproceedings{run3_constraints,
    author = "Petersen, B. Aa.b and Schwick, C.",
    title = "{Experiment Requests and Constraints for Run 3}",
    booktitle = "{9th LHC Operations Evian Workshop}",
    year = "2019"
}
@misc{lhc_schedule,
  title = "{Longer term LHC schedule}",
  howpublished = {\url{lhc-commissioning.web.cern.ch/schedule/LHC-long-term.htm}},
  note = {Accessed: 2021-04-04}
}

@article{cms_b_parking,
    author = "Bainbridge, Robert",
    editor = "Doglioni, C. and Kim, D. and Stewart, G. A. and Silvestris, L. and Jackson, P. and Kamle, W.",
    collaboration = "CMS",
    title = "{Recording and reconstructing 10 billion unbiased b hadron decays in CMS}",
    reportNumber = "CMS-CR-2020-081",
    doi = "10.1051/epjconf/202024501025",
    journal = "EPJ Web Conf.",
    volume = "245",
    pages = "01025",
    year = "2020"
}

@misc{jamie,
  author = "{Image courtesy of Jamie Antonelli}",
}

@misc{pixel_performance_plots_2016,
  title = "{Run II Pixel Performance plots for data and simulation}",
  howpublished = {\url{twiki.cern.ch/twiki/bin/view/CMSPublic/PixelOfflinePlots2016}},
  note = {Accessed: 2021-04-04}
}

@article{phase1_pixel_performance,
    author = "Caminada, Lea",
    editor = "Batignani, Giovanni and Grassi, Marco and Paoletti, Riccardo and Retico, Alessandra and Signorelli, Giovanni and Spagnolo, Paolo",
    collaboration = "CMS",
    title = "{Performance and operation of the CMS Phase 1 pixel detector}",
    reportNumber = "CMS-CR-2018-067",
    doi = "10.1016/j.nima.2018.10.084",
    journal = "Nucl. Instrum. Meth. A",
    volume = "936",
    pages = "688--690",
    year = "2019"
}

@techreport{cmscgen,
    author = "Biallass, Philipp A. and Hebbeker, T. and Hoepfner, K.",
    title = "{Simulation of Cosmic Muons and Comparison with Data from the Cosmic Challenge using Drift Tube Chambers}",
    number = "CMS-NOTE-2007-024",
    month = "9",
    year = "2007"
}

@techreport{bjet_identification,
    collaboration = "CMS",
    title = "{Identification of b quark jets at the CMS Experiment in the LHC Run 2}",
    number = "CMS-PAS-BTV-15-001",
    year = "2016"
}

@techreport{trigger_run2,
      author        = "Tosi, Mia",
      title         = "{The CMS trigger in Run 2}",
      institution   = "CERN",
      collaboration = "CMS",
      address       = "Geneva",
      number        = "CMS-CR-2017-340",
      month         = "Oct",
      year          = "2017",
      url           = "https://cds.cern.ch/record/2290106",
      doi           = "10.22323/1.314.0523",
}

@article{electron_performance_run1,
    author = "Khachatryan, Vardan and others",
    collaboration = "CMS",
    title = "{Performance of Electron Reconstruction and Selection with the CMS Detector in Proton-Proton Collisions at \ensuremath{\sqrt{s}} = 8  TeV}",
    eprint = "1502.02701",
    archivePrefix = "arXiv",
    primaryClass = "physics.ins-det",
    reportNumber = "CMS-EGM-13-001, CERN-PH-EP-2015-004",
    doi = "10.1088/1748-0221/10/06/P06005",
    journal = "JINST",
    volume = "10",
    number = "06",
    pages = "P06005",
    year = "2015"
}

@misc{shuve_sm_llp,
  title = "{Theory Overview of Long-Lived Particles at the LHC}",
  howpublished = {\url{indico.cern.ch/event/607314/contributions/2542308}},
  author = {Brian Shuve}
}

@article{rpc_run2,
    author = "Shah, M. A. and others",
    collaboration = "CMS",
    title = "{The CMS RPC Detector Performance and Stability during LHC RUN-2}",
    eprint = "1808.10488",
    archivePrefix = "arXiv",
    primaryClass = "physics.ins-det",
    doi = "10.1088/1748-0221/14/11/C11012",
    journal = "JINST",
    volume = "14",
    number = "11",
    pages = "C11012",
    year = "2019"
}

@article{atlas_displaced_leptons,
    author = "Aad, Georges and others",
    collaboration = "ATLAS",
    title = "{Search for displaced leptons in $\sqrt{s} = 13$ TeV $pp$ collisions with the ATLAS detector}",
    eprint = "2011.07812",
    archivePrefix = "arXiv",
    primaryClass = "hep-ex",
    reportNumber = "CERN-EP-2020-205",
    month = "11",
    year = "2020"
}

@misc{collider_reach,
  title = "{Collider Reach}",
  howpublished = {\url{collider-reach.web.cern.ch}},
  author = {Gavin Salam and Andreas Weiler}
}

@article{lhcb,
    author = "{LHCb collaboration}",
    title = "{Test of lepton universality in beauty-quark decays}",
    eprint = "2103.11769",
    archivePrefix = "arXiv",
    primaryClass = "hep-ex",
    reportNumber = "LHCb-PAPER-2021-004, CERN-EP-2021-042",
    month = "3",
    year = "2021"
}

@article{g_minus_two,
    author = "Abi, B. and others",
    collaboration = "Muon g-2",
    title = "{Measurement of the Positive Muon Anomalous Magnetic Moment to 0.46 ppm}",
    eprint = "2104.03281",
    archivePrefix = "arXiv",
    primaryClass = "hep-ex",
    reportNumber = "FERMILAB-PUB-21-132-E",
    doi = "10.1103/PhysRevLett.126.141801",
    journal = "Phys. Rev. Lett.",
    volume = "126",
    number = "14",
    pages = "141801",
    year = "2021"
}